%% This BibTeX bibliography file was created using BibDesk.
%% http://bibdesk.sourceforge.net/


%% Created for Hans-Martin von Gaudecker at 2013-11-20 15:24:59 +0100 


%% Saved with string encoding Unicode (UTF-8) 



@unpublished{Gaudecker13,
	Author = {Hans-Martin von Gaudecker},
	Date-Added = {2013-11-20 13:54:29 +0000},
	Date-Modified = {2013-11-20 14:24:55 +0000},
	Note = {\url{https://github.com/hmgaudecker/econ-project-templates}},
	Title = {Templates for Reproducible Research Projects in Economics},
	Year = {2013}
}

@article{Albouy12,
    Author = {David Y. Albouy},
    Journal = {American Economic Review},
    Number = {6},
    Pages = {3059-3076},
    Title = {The Colonial Origins of Comparative Development: An Investigation of the Settler Mortality Data},
    Volume = {102},
    Year = {2012}
}

@article{AcemogluJohnsonRobinson01,
    Author = {Daron Acemoglu and Simon Johnson and James A. Robinson},
    Journal = {The American Economic Review},
    Month = dec,
    Number = {5},
    Pages = {1369-1401},
    Title = {The Colonial Origins of Comparative Development: An Empirical Investigation},
    Volume = {91},
    Year = {2001},
}

