@article{Albouy12,
    Author = {David Y. Albouy},
    Journal = {American Economic Review},
    Number = {6},
    Pages = {3059-3076},
    Title = {The Colonial Origins of Comparative Development: An Investigation of the Settler Mortality Data},
    Volume = {102},
    Year = {2012}
}
